https://www.manning.com/books/c-plus-plus-concurrency-in-action